<?xml version="1.0" encoding="UTF-8"?><record xmlns="http://www.loc.gov/MARC21/slim" xmlns:cinclude="http://apache.org/cocoon/include/1.0" xmlns:zs="http://www.loc.gov/zing/srw/">
  <leader>00477nz  a2200121n  4500</leader>
  <controlfield tag="001">n  85348051 </controlfield>
  <controlfield tag="003">DLC</controlfield>
  <controlfield tag="005">19860904143848.8</controlfield>
  <controlfield tag="008">860820n| acannaab|          |n aaa ||| b</controlfield>
  <datafield tag="010" ind1=" " ind2=" ">
    <subfield code="a">n  85348051 </subfield>
  </datafield>
  <datafield tag="040" ind1=" " ind2=" ">
    <subfield code="a">DNLM</subfield>
    <subfield code="c">DLC</subfield>
    <subfield code="d">DLC</subfield>
  </datafield>
  <datafield tag="100" ind1="1" ind2="0">
    <subfield code="a">Keiser, Thomas W.</subfield>
  </datafield>
  <datafield tag="670" ind1=" " ind2=" ">
    <subfield code="a">His The anatomy of illusion, c1987:</subfield>
    <subfield code="b">CIP t.p. (Thomas W. Keiser) galleys (Ph.D. in cli. psychology and a degree in law; practices in both fields; serves on the advisory board of the Amer. Family Found., Weston, Mass.)</subfield>
  </datafield>
</record>